@article{seager2010exoplanet,
  title={Exoplanet atmospheres},
  author={Seager, Sara and Deming, Drake},
  journal={Annual Review of Astronomy and Astrophysics},
  volume={48},
  pages={631--672},
  year={2010},
  publisher={Annual Reviews}
}