
@book{sanchez2011introduction,
  title={An introduction to planetary atmospheres},
  author={Sanchez-Lavega, Agustin},
  year={2011},
  publisher={CRC Press}
}


@article{parish2009propagation,
  title={Propagation of tropospheric gravity waves into the upper atmosphere of {M}ars},
  author={Parish, Helen F and Schubert, Gerald and Hickey, Michael P and Walterscheid, Richard L},
  journal={Icarus},
  volume={203},
  number={1},
  pages={28--37},
  year={2009},
  publisher={Elsevier}
}

